3675 5142
1377 2130 2161 2222 Praefatio

874 2545 1162 2604 &lxliibco
1218 2544 1351 2623 tibi,
1410 2544 1623 2623 1212„
1676 2543 1961 2601 carmina
2018 2541 2169 2609 «luo,
2227 2544 2533 2603 ineditum
2572 2545 2869 2627 alterum,

672 2667 944 2726 alterum
990 2662 1126 2742 jam
1179 2661 1418 2724 dudum
1467 2659 1704 2741 publici
1747 2659 1917 2740 juris
1994 2660 2235 2722 factum
2290 2671 2357 2722 et
2435 2662 2515 2722 ab
2578 2663 2869 2724 omnibus

665 2786 870 2868 justis
926 2785 1220 2846 laudibus
1275 2784 1696 2868 celebratum,
1751 2793 1818 2846 at
1869 2784 1931 2846 in
1982 2784 2224 2845 nostris
2278 2793 2459 2847 certe
2497 2786 2868 2872 regionibus

670 2908 845 2971 aditu
897 2907 1226 2988 plerisque
1297 2905 1508 2967 minus
1586 2905 1797 2967 facile.
1902 2904 2256 2968 Kalidasae
2324 2926 2555 2969 nomen
2617 2916 2871 2970 utrum-

669 3049 796 3112 que
849 3047 1004 3109 prae
1053 3046 1130 3088 se
1180 3028 1332 3111 fert,
1386 3025 1558 3109 quod
1610 3046 1737 3108 quo
1782 3026 1933 3107 jure
1984 3026 2102 3087 flat
2151 3037 2225 3088 ut
2275 3028 2613 3118 inquiram,
2679 3048 2715 3090 a
2769 3050 2871 3091 me

674 3157 958 3214 sortasse
1011 3154 1525 3231 exspectabitur.
1617 3151 1705 3213 Ut
1755 3151 2045 3212 breviter
2096 3151 2347 3233 dicant,
2426 3154 2578 3233 quid
2633 3156 2871 3215 existi-

669 3294 866 3336 mem:
923 3293 1071 3336 cum
1100 3270 1506 3356 Meghadiita
1558 3273 1687 3332 isto
1717 3272 2111 3363 (Jakuntala,
2160 3273 2684 3358 Vikramorvaci,
2729 3273 2881 3337 Ra-.

668 3395 1018 3481 ghuvanca
1061 3402 1129 3456 et
1165 3391 1813 3455 Kumarasambhava
1854 3401 2035 3454 certo
2077 3391 2371 3472 ejusdem
2414 3398 2649 3473 poetae
2695 3405 2871 3480 sunt,

670 3536 858 3600 quein
912 3516 1050 3578 fere
1093 3516 1298 3597 primo
1339 3523 1489 3576 ante
1526 3513 1862 3577 Christum
1907 3522 2129 3578 natum
2157 3517 2426 3577 saeculo
2459 3516 2713 3580 vixisse
2745 3539 2871 3580 vc-

672 3637 988 3701 risimilior
1040 3638 1368 3700 sententia
1420 3646 1546 3702 est.
1601 3638 1763 3699 Illud
1818 3658 1903 3700 ex
1952 3639 2187 3701 mentis
2225 3638 2473 3725 indole,
2528 3650 2668 3703 arte
2704 3661 2871 3723 poe-

673 3764 822 3844 tica,
873 3760 1266 3842 elocutione,
1298 3779 1466 3841 quae
1501 3759 1730 3820 eadem
1779 3761 1842 3819 in
1875 3761 2167 3822 omnibus
2204 3762 2351 3823 istis
2393 3765 2695 3843 operibus
2748 3784 2869 3844 ap-

672 3888 894 3961 paret,
958 3880 1167 3940 fusius
1221 3877 1853 3969 demonstrandum„
1898 3880 2024 3942 hoc
2079 3900 2163 3941 ex
2203 3880 2512 3943 historiae
2573 3882 2868 3944 Indorum

673 4000 1001 4084 vestigiis,
1046 4008 1368 4081 quatenus
1406 3997 1591 4059 nobis
1629 3998 1818 4059 hodie
1855 3977 2118 4083 cognita
2154 3996 2331 4083 sunt,
2361 4001 2686 4080 probabile
2716 4002 2871 4064 red-

674 4123 973 4206 dendum,
1026 4130 1368 4202 utrumque
1424 4140 1461 4181 a
1500 4119 2028 4211 dubitationibus,
2081 4141 2249 4202 quae
2278 4123 2437 4187 viris
2492 4124 2869 4204 quibusdam

679 4241 890 4307 ‹loctis
943 4242 1024 4304 ‹le
1076 4262 1158 4304 ea
1207 4262 1278 4303 re
1327 4251 1543 4305 motae
1601 4252 1792 4324 sunt,
1853 4242 2324 4307 vindicandum
2380 4244 2442 4305 in
2496 4241 2622 4308 'liae
2678 4267 2873 4327 prac-

3585 3592 3675 3617 ,,,,,

3663 3736 3674 3751 .
3511 3430 3598 3588 ²
3515 3153 3675 3409 5430
3517 2491 3675 3102 comae
3521 2158 3675 2452 UBR
3527 1888 3675 2142 lm
