3675 5142
1558 708 2055 777 ...45-

708 907 911 991 primo
966 927 1166 972 versu
1214 909 1445 994 legunt
1494 910 1581 978 11.
1631 926 1809 975 turer:
1864 919 1936 974 et
1985 927 2104 993 pro
2153 927 2390 1000 umam
2444 908 2547 974 W
2576 906 2746 974 1311.
2799 907 2920 977 ffi-

707 1048 862 1099 ma
898 1064 938 1078 -
969 1031 1266 1112 Apparet
1301 1031 1403 1094 his
1438 1033 1745 1095 versibus
1781 1032 1869 1095 nil
1923 1032 2263 1119 contineri,
2315 1032 2442 1096 nisi
2486 1032 2815 1117 quodiam
2849 1034 2915 1098 in

706 1151 977 1233 stropha
1039 1152 1295 1217 decima
1353 1154 1633 1235 septima
1682 1152 1928 1219 dictum
1978 1156 2092 1242 sit,
2142 1155 2368 1218 verbis
2420 1165 2638 1220 tamen
2688 1165 2911 1220 muta-

704 1277 790 1338 tis
837 1284 908 1339 et
950 1275 1245 1339 variatis.
1348 1276 1454 1338 Ab
1534 1275 1746 1337 indole
1818 1275 2014 1340 huius
2063 1278 2431 1364 poematis,
2508 1277 2574 1340 in
2643 1284 2773 1360 quo
2823 1278 2913 1341 nil

706 1397 987 1461 abundat
1067 1405 1136 1459 et
1212 1397 1423 1460 omnia
1473 1396 1796 1480 aequabili
1850 1405 2080 1460 tenore
2145 1397 2534 1483 procedunt,
2612 1397 2921 1460 abhorret

707 1525 837 1580 tam
878 1516 1107 1600 jejuna
1147 1516 1440 1581 eiusdem
1500 1516 1592 1579 rei
1636 1517 1918 1581 iteratio.
2021 1517 2210 1581 Unde
2243 1516 2580 1599 stropham
2630 1518 2918 1600 spuriam

709 1660 864 1703 esse
929 1649 1002 1703 et
1046 1640 1111 1702 in
1161 1659 1244 1703 ea
1291 1639 1356 1703 id
1424 1639 1752 1704 accidisse
1802 1658 2049 1704 censeo
2073 1682 2099 1726 ,
2152 1639 2325 1724 quod
2377 1640 2576 1703 toties
2624 1639 2690 1702 in
2739 1639 2918 1703 libris

705 1762 945 1825 Indicis
976 1763 1222 1826 factum
1257 1761 1595 1848 videmus,
1647 1781 1883 1844 nempe
1921 1771 2221 1826 veterem
2272 1763 2553 1845 aliquem
2602 1763 2919 1826 lectorem

707 1884 768 1946 in
818 1884 1148 1948 sententia
1198 1884 1510 1948 varianda
1557 1893 1627 1947 et
1681 1885 1808 1949 alio
1844 1884 2264 1949 deflectenda
2309 1885 2557 1949 lusisse
2583 1887 2916 1969 talemque

705 2009 954 2073 foetum
1003 2008 1068 2071 in
1114 2017 1378 2072 textum
1406 2026 1747 2090 perperam
1790 2007 2111 2072 insertum
2159 2027 2338 2072 esse.
2407 2009 2512 2073 Cf.
2538 2009 2636 2071 Ill.
2674 2008 2923 2073 Schle-

705 2131 987 2218 gelium,
1063 2131 1269 2214 praef.
1349 2129 1433 2194 ad
1506 2130 1729 2212 Hitop.
1804 2150 1868 2212 p.
1928 2133 2104 2195 xm.
2195 2131 2520 2213 Exempla
2601 2129 2919 2213 praebent

707 2253 936 2317 Comm
999 2251 1067 2315 in
1135 2254 1272 2315 Hit.
1326 2273 1387 2335 p.
1444 2253 1538 2315 67
1592 2259 1663 2314 et
1725 2251 1905 2338 136,
1981 2252 2242 2316 Bhartr.
2308 2255 2393 2338 11,
2448 2253 2492 2316 4
2543 2261 2613 2316 et
2690 2251 2761 2338 5,
2818 2251 2913 2315 54

658 2411 666 2420 ·
708 2382 778 2436 et
827 2375 949 2459 90,
999 2377 1110 2460 111,
1161 2376 1257 2437 89
1311 2383 1382 2437 et
1432 2373 1552 2459 93,
1628 2374 1823 2436 etiam
1874 2376 1958 2459 ΙΙ,
2013 2374 2108 2436 90
2178 2374 2326 2436 coll.
2382 2391 2530 2435 cum
2607 2374 2918 2436 versione

705 2495 979 2578 Rogerii
1027 2496 1098 2579 8,
1153 2496 1221 2557 9.
1306 2496 1600 2557 Vikram.
1655 2514 1716 2576 p.
1775 2496 1846 2580 6,
1901 2493 2089 2557 2-:3
2143 2503 2214 2556 et
2264 2495 2379 2557 7-
2410 2496 2455 2557 8
2522 2496 2759 2579 Lena,
2813 2488 2928 2557 ubi

708 2615 983 2677 alterurn
1051 2622 1266 2676 utrum
1345 2612 1671 2677 distichon
1735 2613 2241 2699 expungendum
2316 2621 2444 2676 est.
2564 2615 2921 2679 Praeterea

705 2736 963 2821 insigne
1026 2737 1398 2819 exemplum
1471 2735 1640 2799 infra
1725 2711 2131 2799 exhibebit'ur
2183 2735 2266 2799 ad
2316 2744 2436 2799 str.
2490 2737 2609 2799 86.
2640 2769 2680 2783 -
2720 2736 2921 2799 Stro-

706 2859 836 2941 pha
885 2879 1081 2943 quum
1132 2860 1405 2944 primum
1455 2859 1708 2923 intrusa
1755 2868 1865 2922 est
1924 2860 2140 2923 locum
2193 2857 2516 2921 invenerit
2567 2867 2723 2941 post
2794 2858 2917 2922 de-

708 2982 940 3046 cimam
1013 2983 1357 3064 septimam
1410 2990 1692 3068 oportet,
1763 2981 1998 3045 deinde
2065 2958 2469 3045 Amrakfit'ae
2520 3002 2779 3068 nomen,
2834 3002 2917 3044 ne

712 3105 809 3168 bis
860 3104 1217 3190 legeretur,
1270 3114 1704 3186 permutatum
1755 3111 1864 3167 cst
1916 3125 2064 3169 cum
2119 3091 2521 3190 C'itrakm'a,
2574 3104 2917 3167 notissimo

710 3226 775 3285 in
822 3225 1295 3286 Bhuudelkuud
1347 3225 1684 3305 provincia
1734 3231 1953 3286 moute
2007 3225 2233 3304 (Rom.
2297 3225 2378 3310 11,
2431 3224 2525 3286 54
2560 3258 2599 3271 -
2632 3224 2748 3286 56.
2798 3221 2917 3285 93.

664 3321 906 3430 ‘cet.),
987 3345 1248 3408 tametsi
1323 3345 1380 3407 is
1459 3345 1523 3407 in
1600 3344 1787 3406 nubis
1855 3345 1978 3406 iter
2035 3345 2289 3406 omnino
2358 3363 2486 3405 non
2547 3343 2918 3426 quadraret.

713 3466 848 3531 Sed
877 3487 994 3549 per
1043 3466 1436 3529 vocabulum
1483 3449 1746 3556 effla-:1732
1801 3465 2077 3548 stropha
2116 3465 2205 3528 18
2244 3485 2394 3529 cum
2436 3462 2636 3529 1'7ma
2677 3465 2922 3528 arctis-

712 3592 874 3655 sime
957 3591 1304 3677 cohaeret,
1383 3589 1553 3654 unde
1607 3590 1856 3653 factum
1909 3598 2059 3676 est,
2125 3594 2200 3651 ut
2251 3589 2315 3652 in
2384 3589 2525 3652 aliis
2579 3588 2917 3652 codicibus

712 3715 984 3798 stropha
1031 3714 1257 3796 spuria
1305 3714 1368 3775 ei
1421 3721 1948 3796 postponeretur.
2053 3714 2217 3775 Eam
2270 3719 2510 3797 autem,
2565 3725 2758 3794 quam
2808 3730 2921 3773 re-

717 3839 894 3926 tinui,
928 3860 1084 3902 esse
1134 3836 1501 3922 primariam
1552 3838 1745 3901 facile
1784 3837 2189 3923 intelligitur,
2242 3857 2388 3899 nam
2431 3837 2670 3919 ubique
2706 3835 2918 3919 magis

712 3963 1105 4047 exquisitam
1156 3964 1354 4026 habet
1405 3962 1772 4048 dictionem,
1826 3982 1886 4023 e.
1938 3981 2038 4045 gr.
2089 3978 2206 4051 mg
2256 3980 2373 4041 pro
2423 3977 2517 4055 ἓξ
2568 3968 2697 4022 etc.

919 4105 1028 4167 19.
1083 4106 1136 4166 Β
1167 4107 1249 4167 D.
1297 4093 1662 4197 εῆηῆπηὶἷῡ.

907 4228 1024 4290 20.
1076 4229 1202 4291 Pro
1252 4245 1382 4296 unz
1433 4224 1722 4293 WBH.
1772 4244 1929 4319 ᾖξε,
1985 4246 2112 4309 quo
2147 4225 2469 4288 vocabulo
2523 4215 2715 4287 modo
2756 4228 2919 4287 tisus

713 4358 855 4413 erat
905 4359 1122 4433 poeta.
