3675 5142
1574 705 2036 762 —Vss—

719 900 822 954 tus
873 901 1001 977 est,
1056 895 1461 956 collationem
1517 914 1767 957 mecum
1822 896 2322 958 communicavit
2376 897 2456 957 V.
2502 891 2577 961 Ι).
2631 896 2908 979 mihique

716 1014 1139 1074 amicissimus
1194 1016 1782 1098 westergaardus.
1862 1017 2106 1078 Omnes
2161 1018 2201 1075 ii
2251 1016 2390 1077 libri
2453 1017 2719 1078 scholiis
2786 1015 2907 1078 de·-

713 1136 919 1196 stituti
970 1147 1141 1197 sunt.
1247 1138 1315 1195 ln
1366 1138 1739 1198 universum
1796 1137 2133 1199 observari
2203 1146 2445 1221 potest,
2502 1137 2793 1200 codicem
2849 1141 2903 1199 Ι)

713 1259 983 1318 maxime
1038 1261 1116 1319 ab
1175 1258 1455 1321 editione
1486 1260 1897 1322 Calcuttensi
1956 1264 2043 1319 ac'
2087 1259 2317 1320 deinde
2357 1280 2390 1320 a
2423 1259 2647 1321 codice
2688 1262 2738 1320 B
2768 1258 2907 1321 dis-

711 1396 976 1459 crepare
1050 1390 1114 1443 et
1169 1383 1468 1444 nonnulla
1520 1383 1895 1462 continere,
1989 1392 2156 1461 quae
2210 1381 2515 1443 diversae
2569 1380 2944 1444 recensio-

712 1503 805 1560 nis
882 1505 1163 1587 vestigia
1237 1503 1455 1565 haberi
1539 1505 1835 1583 possint3
1909 1502 2181 1565 mediam
2267 1504 2403 1564 fere
2477 1503 2648 1564 viam
2726 1510 2907 1564 tenet

712 1625 1123 1687 Havniensis.

910 1744 1221 1825 Ejusdem
1276 1746 1782 1831 Westergaardi
1862 1749 2334 1812 benivolentiae
2404 1750 2607 1811 debeo
2676 1762 2905 1811 exem-

713 1870 880 1946 plum
967 1869 1530 1958 Cringaratilakae
1618 1893 1654 1930 e
1727 1871 1953 1932 codice
2026 1872 2386 1933 1-1avniensi
2456 1862 2904 1950 desumptum3

709 1993 898 2054 etiam
955 2015 991 2054 e
1043 1992 1439 2079 'l'ubingensi
1497 1961 1678 2078 iibro,
1734 2012 1925 2076 quem
1964 1994 2063 2057 ct.
2098 1992 2412 2055 Ewaidus
2468 1977 2907 2072 (Zeitschrift

709 2119 752 2179 s.
812 2120 870 2181 d.
926 2119 1155 2182 Kunde
1210 2116 1326 2181 des
1381 2120 1596 2205 Morg.
1652 2117 1737 2179 111
1793 2118 1975 2201 301)
2031 2118 2427 2202 descripsit,
2484 2138 2523 2180 a
2573 2116 2656 2181 V.
2712 2114 2902 2182 Doct.

709 2240 1197 2305 Goldstiickero
1284 2245 1740 2324 transcriptum
1848 2263 2051 2323 penes
2131 2243 2232 2307 cl.
2311 2243 2700 2304 Lassenium
2768 2248 2908 2305 erat

710 2379 992 2447 carmen,
1047 2366 1152 2445 qui
1206 2365 1354 2426 mihi
1405 2366 1778 2427 facultatem
1835 2386 1913 2425 eo
1956 2365 2175 2426 utendi
2227 2365 2498 2426 libenter
2551 2365 2902 2427 concessit.

711 2484 998 2562 Uterque
1052 2485 1261 2545 codex
1304 2499 1492 2545 manu
1535 2486 1882 2566 Bengaiica
1927 2487 2211 2563 pessime
2246 2486 2534 2563 scriptus
2571 2490 2906 2563 est3con-

713 2606 857 2688 tigit.
913 2613 1124 2666 tamen
1174 2605 1374 2665 verba
1427 2606 1514 2665 ita
1570 2604 1905 2687 adornare,
1992 2613 2062 2665 ut
2119 2605 2306 2684 pauci
2363 2608 2609 2666 tantum
2662 2590 2903 2684 supet·-

707 2734 1012 2819 sintloci,
1067 2734 1298 2818 quibus
1353 2733 1562 2797 adbuc
1619 2730 1979 2797 emendatio
2034 2728 2406 2815 quaerenda
2457 2742 2583 2797 est.
2687 2731 2756 2795 In
2800 2732 2905 2795 di—

706 2861 944 2947 sticho,
1000 2860 1170 2943 (prod
1225 2869 1445 2922 exstat
1500 2881 1556 2940 p.
1600 2858 1716 2940 56,
1774 2874 1943 2924 nunc
1990 2860 2186 2922 veiim
2241 2861 2497 2944 legatur
2548 2850 2715 2924 πέῖ
2763 2858 2849 2923 ui.

907 2983 996 3046 Ut.
1048 2980 1198 3047 huic
1250 2978 1508 3047 editioni
1560 2982 1862 3047 adderem
1900 2982 2292 3069 glossarium
2332 2980 2542 3045 omnia
2564 2962 2903 3063 utriusque

703 3101 999 3187 opusculi
1027 3106 1349 3167 vocabula
1374 3106 1532 3167 iocis
1579 3113 1886 3167 accurate
1925 3102 2222 3166 indicatis
2247 3104 2715 3184 complectens,
2748 3118 2903 3180 per-

704 3228 903 3287 movit
933 3231 1020 3288 rei
1059 3224 1304 3288 utilitas
1341 3227 1620 3308 cunctis,
1653 3226 1757 3304 qni
1776 3224 2135 3285 Indicarum
2158 3224 2486 3283 literarum
2524 3220 2740 3282 studia
2778 3230 2897 3281 ur-

702 3357 884 3431 gent,
948 3349 1235 3431 cognita,
1297 3360 1511 3427 neque
1566 3347 1877 3427 poenituit
1932 3344 2185 3406 molesti
2246 3344 2624 3425 ceteroquin
2660 3341 2897 3404 laboris

698 3471 933 3550 quippe
951 3469 1015 3529 in
1040 3469 1321 3531 carmine
1348 3467 1609 3530 minoris
1627 3460 1907 3530 ambitus
1927 3480 2138 3548 eoque
2163 3463 2549 3548 politissimo
2580 3457 2899 3531 collocati.

702 3594 1013 3654 Accessit
1065 3591 1235 3672 quod
1285 3594 1374 3653 ita
1423 3594 1571 3654 usui
1625 3592 2024 3675 academico,
2077 3595 2181 3656 cui
2219 3602 2556 3674 peraptum
2585 3594 2903 3656 'existimo
2983 3675 2991 3684 ⁸

697 3713 1017 3776 difficilius
1065 3713 1190 3776 hoc
1237 3733 1504 3797 poema,
1581 3715 1812 3775 melius
1871 3714 2121 3775 consuli
2160 3713 2533 3797 videretur,
2589 3734 2782 3795 quam
2845 3717 2903 3776 si

695 3838 1186 3896 conversionem
1207 3835 1617 3915 adjecissem.
1681 3837 2044 3917 vocabula,
2068 3837 2332 3916 formaS,
2362 3835 2900 3918 significationes,

698 3977 862 4037 quae
898 3959 957 4017 in
979 3958 1203 4018 hexici
1222 3957 1613 4018 Wilsoniani
1634 3957 1913 4017 editione
1949 3957 2154 4017 altera
2175 3955 2663 4041 '‘desiderantur,
2712 3967 2900 4018 aste-

697 4082 867 4142 risco
926 4083 1167 4162 notavi,
1220 4082 1280 4140 in
1333 4100 1460 4161 qna
1495 4100 1564 4141 re
1597 4100 1831 4142 vereor
1874 4088 1946 4140 ut
1972 4080 2135 4141 satis
2166 4087 2544 4141 constanter
2591 4087 2898 4142 versatus

696 4207 835 4265 sinn.
890 4205 1230 4265 Neminem
1277 4213 1490 4265 autem
1543 4205 1681 4264 fore
1717 4223 1913 4283 spero
1953 4203 2059 4282 qui
2091 4202 2151 4262 id
2205 4203 2446 4264 sactum
2495 4221 2646 4263 esse
2689 4211 2895 4285 putet,

699 4338 765 4388 nt
838 4329 1014 4407 operi
1094 4328 1178 4387 ini
1246 4329 1515 4410 egregio
1597 4327 1851 4389 debitae
1930 4324 2136 4388 laudis
2235 4326 2339 4385 vel
2420 4326 2673 4386 minima
2746 4344 2897 4405 pars

3565 3579 3652 3615 4⁸:⁴⁶
